<?xml version="1.0" encoding="utf-8"?>
<record xmlns="http://www.loc.gov/MARC21/slim" xmlns:xsi="http://www.w3.org/2001/XMLSchema-instance" xsi:schemaLocation="http://www.loc.gov/MARC21/slim http://www.loc.gov/standards/marcxml/schema/MARC21slim.xsd">
	<leader>     nam a22     Mi 4500</leader>
	<controlfield tag="001">3171107</controlfield>
	<controlfield tag="003">NNC</controlfield>
	<controlfield tag="006">m        d        </controlfield>
	<controlfield tag="007">cr cn |||m|||a</controlfield>
	<controlfield tag="008">181206s1903    ua      o     000 0cara d</controlfield>
	<datafield ind1=" " ind2=" " tag="040">
		<subfield code="a">ZYU</subfield>
		<subfield code="b">ara</subfield>
		<subfield code="e">rda</subfield>
		<subfield code="c">ZYU</subfield>
	</datafield>
	<datafield ind1=" " ind2="4" tag="050">
		<subfield code="a">BP161.2</subfield>
		<subfield code="b">.S53 1903</subfield>
	</datafield>
	<datafield ind1="1" ind2=" " tag="100">
		<subfield code="6">880-01</subfield>
		<subfield code="a">Shaʻrānī, ʻAbd al-Wahhāb ibn Aḥmad,</subfield>
		<subfield code="d">approximately 1493-1565 or 1566.</subfield>
	</datafield>
	<datafield ind1="1" ind2="0" tag="240">
		<subfield code="6">880-02</subfield>
		<subfield code="a">Laṭāʼif al-minan wa-al-akhlāq</subfield>
	</datafield>
	<datafield ind1="1" ind2="0" tag="245">
		<subfield code="6">880-03</subfield>
		<subfield code="a">Kitāb Laṭāʼif al-minan wa-al-akhlāq fī bayān wujūb al-taḥadduth bi-niʻmat Allāh ʻalá al-iṭlāq :</subfield>
		<subfield code="b">wa-hiya al-Minan al-kubrá al-jālibah lil-surūr wa-al-bushrá /</subfield>
		<subfield code="c">li-ʻAbd al-Wahhāb al-Shaʻrānī. Wuḍiʻa bi-hāmishihi Kitābān: aḥaduhumā Kitāb Laṭāʼif al-minan fī manāqib Abī al-ʻAbbās al-Mursī wa-shaykhihi Abī al-Ḥasan ; wa-al-thānī Kitāb Miftāḥ al-falāḥ wa-miṣbāḥ al-arwāḥ / kilāhumā li-Tāj al-Dīn Aḥmad ibn ʻAṭāʼ Allāh.</subfield>
	</datafield>
	<datafield ind1=" " ind2=" " tag="260">
		<subfield code="6">880-04</subfield>
		<subfield code="a">Miṣr :</subfield>
		<subfield code="b">al-Maṭbaʻah al-Maymanīyah,</subfield>
		<subfield code="c">1321 [1903]</subfield>
	</datafield>
	<datafield ind1=" " ind2=" " tag="300">
		<subfield code="a">online resource (2 volumes in 1)</subfield>
	</datafield>
	<datafield ind1=" " ind2=" " tag="336">
		<subfield code="a">text</subfield>
		<subfield code="2">rdacontent</subfield>
	</datafield>
	<datafield ind1=" " ind2=" " tag="337">
		<subfield code="a">computer</subfield>
		<subfield code="2">rdamedia</subfield>
	</datafield>
	<datafield ind1=" " ind2=" " tag="338">
		<subfield code="a">online resource</subfield>
		<subfield code="2">rdacarrier</subfield>
	</datafield>
	<datafield ind1=" " ind2=" " tag="500">
		<subfield code="a">A religious autobiography; on the margin the same author's Lawāq̣iḥ al-anwar al-q̣udsiyah, on the lives and sayings of Muslim saints.</subfield>
	</datafield>
	<datafield ind1=" " ind2=" " tag="500">
		<subfield code="a">Part of the Arabic Collections Online (ACO) project, contributed by Columbia University Libraries.</subfield>
	</datafield>
	<datafield ind1=" " ind2=" " tag="533">
		<subfield code="a">Electronic reproduction.</subfield>
		<subfield code="b">New York, N.Y. :</subfield>
		<subfield code="c">New York University,</subfield>
		<subfield code="d">2018.</subfield>
		<subfield code="5">NNU</subfield>
	</datafield>
	<datafield ind1=" " ind2="0" tag="650">
		<subfield code="a">Islam.</subfield>
	</datafield>
	<datafield ind1=" " ind2="0" tag="650">
		<subfield code="a">Sufism</subfield>
		<subfield code="v">Early works to 1800.</subfield>
	</datafield>
	<datafield ind1=" " ind2="7" tag="650">
		<subfield code="a">Islam.</subfield>
		<subfield code="2">fast</subfield>
		<subfield code="0">(OCoLC)fst00979776</subfield>
	</datafield>
	<datafield ind1=" " ind2="7" tag="650">
		<subfield code="a">Sufism.</subfield>
		<subfield code="2">fast</subfield>
		<subfield code="0">(OCoLC)fst01137257</subfield>
	</datafield>
	<datafield ind1=" " ind2="7" tag="655">
		<subfield code="a">Early works.</subfield>
		<subfield code="2">fast</subfield>
		<subfield code="0">(OCoLC)fst01411636</subfield>
	</datafield>
	<datafield ind1="1" ind2="2" tag="700">
		<subfield code="6">880-05</subfield>
		<subfield code="a">Ibn ʻAṭāʼ Allāh, Aḥmad ibn Muḥammad,</subfield>
		<subfield code="d">-1309.</subfield>
		<subfield code="t">Miftāḥ al-falāḥ wa-miṣbāḥ al-arwāḥ.</subfield>
	</datafield>
	<datafield ind1="1" ind2="2" tag="700">
		<subfield code="6">880-06</subfield>
		<subfield code="a">Ibn ʻAṭāʼ Allāh, Aḥmad ibn Muḥammad,</subfield>
		<subfield code="d">-1309.</subfield>
		<subfield code="t">Laṭāʼif al-minan.</subfield>
	</datafield>
	<datafield ind1="1" ind2=" " tag="700">
		<subfield code="6">880-07</subfield>
		<subfield code="a">Shaʻrānī, ʻAbd al-Wahhāb ibn Aḥmad,</subfield>
		<subfield code="d">approximately 1493-1565 or 1566.</subfield>
		<subfield code="t">Lawāqiḥ al-anwār al-qudsīyah fī bayān al-ʻuhūd al-Muḥammadīyah.</subfield>
	</datafield>
	<datafield ind1="2" ind2=" " tag="710">
		<subfield code="a">Columbia University.</subfield>
		<subfield code="b">Libraries.</subfield>
	</datafield>
	<datafield ind1="0" ind2=" " tag="730">
		<subfield code="a">Arabic Collections Online.</subfield>
	</datafield>
	<datafield ind1="0" ind2=" " tag="740">
		<subfield code="6">880-08</subfield>
		<subfield code="a">Laṭāʼif al-minan wa-al-akhlāq fī bayān wujūb al-taḥadduth bi-niʻmat Allāh  ʻalá al-iṭlāq.</subfield>
	</datafield>
	<datafield ind1="0" ind2="8" tag="776">
		<subfield code="i">Print version:</subfield>
		<subfield code="a">Shaʻrānī, ʻAbd al-Wahhāb ibn Aḥmad, approximately 1493-1565 or 1566.</subfield>
		<subfield code="t">Kitāb Laṭāʼif al-minan wa-al-akhlāq fī bayān wujūb al-taḥadduth bi-niʻmat Allāh ʻalá al-iṭlāq</subfield>
		<subfield code="w">(NNC)3171107</subfield>
		<subfield code="w">(OCoLC)48805728</subfield>
	</datafield>
	<datafield ind1="4" ind2="0" tag="856">
		<subfield code="u">http://hdl.handle.net/2333.1/8sf7m6n3</subfield>
	</datafield>
	<datafield ind1="1" ind2=" " tag="880">
		<subfield code="6">100-01</subfield>
		<subfield code="a">شعراني، عبد الوهاب بن احمد،</subfield>
		<subfield code="d">approximately 1493-1565 or 1566.</subfield>
	</datafield>
	<datafield ind1="1" ind2="0" tag="880">
		<subfield code="6">240-02</subfield>
		<subfield code="a">لطائف المنن والاخلاق</subfield>
	</datafield>
	<datafield ind1="1" ind2="0" tag="880">
		<subfield code="6">245-03</subfield>
		<subfield code="a">كتاب لطائف المنن والأخلاق في بيان وجوب التحدث بنعمة الله على الإطلاق :</subfield>
		<subfield code="b">وهي المنن الكبرى الجالبة للسرور والبشرى /</subfield>
		<subfield code="c">لعبد الوهاب الشعراني. وضع بهامشه كتابان: أحدهما كتاب لطائف المنن في مناقب أبي العباس المرسي وشيخه أبي الحسن؛ والثاني كتاب مفتاح الفلاح ومصباح الأرواح / كلاهما لتاج الدين أحمد بن عطاء الله.</subfield>
	</datafield>
	<datafield ind1=" " ind2=" " tag="880">
		<subfield code="6">260-04</subfield>
		<subfield code="a">مصر :</subfield>
		<subfield code="b">المطبعة الميمنية،</subfield>
		<subfield code="c">1321 [1903]</subfield>
	</datafield>
	<datafield ind1="1" ind2="2" tag="880">
		<subfield code="6">700-05</subfield>
		<subfield code="a">ابن عطاء الله، أحمد بن محمد.</subfield>
		<subfield code="t">مفتاح الفلاح ومصباح الأرواح.</subfield>
	</datafield>
	<datafield ind1="1" ind2="2" tag="880">
		<subfield code="6">700-06</subfield>
		<subfield code="a">ابن عطاء الله، أحمد بن محمد.</subfield>
		<subfield code="t">لطائف المنن.</subfield>
	</datafield>
	<datafield ind1="1" ind2=" " tag="880">
		<subfield code="6">700-07</subfield>
		<subfield code="a">شعراني، عبد الوهاب بن احمد،</subfield>
		<subfield code="d">approximately 1493-1565 or 1566.</subfield>
		<subfield code="t">لواقح الانوار القدسية في بيان العهود المحمدية.</subfield>
	</datafield>
	<datafield ind1="0" ind2=" " tag="880">
		<subfield code="6">740-08</subfield>
		<subfield code="a">لطائف المنن والأخلاق في بيان وجوب التحدث بنعمة الله على الاطلاق.</subfield>
	</datafield>
	<datafield ind1=" " ind2=" " tag="959">
		<subfield code="a">NNU</subfield>
		<subfield code="b">WEB</subfield>
		<subfield code="c">GENI</subfield>
		<subfield code="t">0</subfield>
		<subfield code="m">Electronic access</subfield>
		<subfield code="s">01</subfield>
	</datafield>
	<datafield ind1=" " ind2=" " tag="999">
		<subfield code="i">NNC_3171107</subfield>
		<subfield code="o">(OCoLC)ocm48805728</subfield>
		<subfield code="s">columbia_aco003293</subfield>
		<subfield code="e">(ERROR-880)(ERROR-MISC)</subfield>
		<subfield code="s">columbia_aco003293</subfield>
	</datafield>
</record>
